@electronic{arduino,
	URL = {https://www.arduino.cc/},
	AUTHOR = {Interaction Design Institute Ivrea and others},
	TITLE = {Arduino: Open-source electronic prototyping platform},
	ADDRESS = {Ivrea, Italy}
}

@electronic{ gibbs,
    author = "{Wikipedia contributors}",
    title = "Gibbs phenomenon --- {Wikipedia}{,} The Free Encyclopedia",
    year = "2019",
    howpublished = "\url{https://en.wikipedia.org/w/index.php?title=Gibbs_phenomenon&oldid=931444514}",
    note = "[Online; accessed 26-December-2019]"
  }